@article{brady2014does,
  title={{Does Immigration Undermine Public Support for Social Policy?}},
  author={Brady, David and Finnigan, Ryan},
  journal={American Sociological Review},
  volume={79},
  number={1},
  pages={17--42},
  year={2014},
  publisher={Sage Publications Sage CA: Los Angeles, CA}
}

@article{lall2016multiple,
  title={{How Multiple Imputation Makes a Difference}},
  author={Lall, Ranjit},
  journal={Political Analysis},
  volume={24},
  number={4},
  pages={414--433},
  year={2016},
  publisher={Cambridge University Press}
}

@article{little1989analysis,
  title={{The Analysis of Social Science Data with Missing Values}},
  author={Little, Roderick JA and Rubin, Donald B},
  journal={Sociological Methods \& Research},
  volume={18},
  number={2-3},
  pages={292--326},
  year={1989},
  publisher={Sage Publications}
}

@book{rubin1987multiple,
  title={{Multiple Imputation for Nonresponse in Surveys}},
  author={Rubin, Donald B},
  year={1987},
  publisher={John Wiley \& Sons}
}

@article{honaker2011amelia,
  title={{Amelia II: A Program for Missing Data}},
  author={Honaker, James and King, Gary and Blackwell, Matthew},
  journal={Journal of Statistical Software},
  volume={45},
  number={7},
  pages={1--47},
  year={2011}
}

@Manual{r2018,
    title = {R: A Language and Environment for Statistical Computing},
    author = {{R Core Team}},
    organization = {R Foundation for Statistical Computing},
    address = {Vienna, Austria},
    year = {2018},
    url = {https://www.R-project.org/},
}
@article{carpenter2017stan,
  title={Stan: A probabilistic programming language},
  author={Carpenter, Bob and Gelman, Andrew and Hoffman, Matthew D and Lee, Daniel and Goodrich, Ben and Betancourt, Michael and Brubaker, Marcus and Guo, Jiqiang and Li, Peter and Riddell, Allen},
  journal={Journal of statistical software},
  volume={76},
  number={1},
  year={2017},
  publisher={Columbia Univ., New York, NY (United States); Harvard Univ., Cambridge, MA (United States)}
}
@book{ebbinghaus2001comparing,
  title={Comparing welfare capitalism},
  author={Ebbinghaus, Bernhard and Manow, Philip},
  year={2001},
  publisher={Taylor \& Francis}
}

@article{leamer1985sensitivity,
  title={{Sensitivity Analyses Would Help}},
  author={Leamer, Edward E},
  journal={The American Economic Review},
  volume={75},
  number={3},
  pages={308--313},
  year={1985},
  publisher={JSTOR}
}

@article{sala1997just,
  title={{I Just Ran Two Million Regressions}},
  author={Sala-i-Martin, Xavier X},
  journal={The American Economic Review},
  volume={87},
  number={2},
  pages={178--183},
  year={1997},
  publisher={American Economic Association}
}

@article{breiman2001random,
  title={{Random Forests}},
  author={Breiman, Leo},
  journal={Machine Learning},
  volume={45},
  number={1},
  pages={5--32},
  year={2001},
  publisher={Springer}
}

@article{friedman2001greedy,
  title={{Greedy Function Approximation: A Gradient Boosting Machine}},
  author={Friedman, Jerome H},
  journal={Annals of Statistics},
  pages={1189--1232},
  year={2001},
  publisher={JSTOR}
}

@article{muchlinski2015comparing,
  title={Comparing Random Forest with Logistic Regression for Predicting Class-Imbalanced Civil War Onset Data},
  author={Muchlinski, David and Siroky, David and He, Jingrui and Kocher, Matthew},
  journal={Political Analysis},
  volume={24},
  number={1},
  pages={87--103},
  year={2015},
  publisher={Society for Political Methodology and the Political Methodology Section of the American Political Science Association}
}

@inproceedings{jones2015exploratory,
  title={Exploratory Data Analysis using Random Forests},
  author={Jones, Zachary and Linder, Fridolin},
  year={2015},
  pages={1--31}
}